@misc{parthasarathi2019lessons,
	title={Lessons from Building Acoustic Models with a Million Hours of Speech},
	author={Sree Hari Krishnan Parthasarathi and Nikko Strom},
	year={2019},
	eprint={1904.01624},
	archivePrefix={arXiv},
	primaryClass={cs.LG}
}

@misc{hannun2014deep,
	title={Deep Speech: Scaling up end-to-end speech recognition},
	author={Awni Hannun and Carl Case and Jared Casper and Bryan Catanzaro and Greg Diamos and Erich Elsen and Ryan Prenger and Sanjeev Satheesh and Shubho Sengupta and Adam Coates and Andrew Y. Ng},
	year={2014},
	eprint={1412.5567},
	archivePrefix={arXiv},
	primaryClass={cs.CL}
}

@inproceedings{46687,
	title	= {State-of-the-art Speech Recognition With Sequence-to-Sequence Models},
	author	= {Chung-Cheng Chiu and Tara Sainath and Yonghui Wu and Rohit Prabhavalkar and Patrick Nguyen and Zhifeng Chen and Anjuli Kannan and Ron J. Weiss and Kanishka Rao and Katya Gonina and Navdeep Jaitly and Bo Li and Jan Chorowski and Michiel Bacchiani},
	year	= {2018},
	URL	= {https://arxiv.org/pdf/1712.01769.pdf}
}

@misc{Dataset,
	author = {Kory Becker},
	title = {Identifying the Gender of a Voice using Machine Learning},
	howpublished = {\url{http://www.primaryobjects.com/2016/06/22/identifying-the-gender-of-a-voice-using-machine-learning/}}
}

@misc{CMUSphinxModels,
	title = {Models},
	howpublished = {\url{https://cmusphinx.github.io/wiki/models/}}
}

@article{VADEnergybase,
	author = {Kirill, Sakhnov and Ekaterina, Verteletskaya and Simak, B.},
	year = {2009},
	month = {11},
	pages = {},
	title = {Approach for Energy-Based Voice Detector with Adaptive Scaling Factor},
	volume = {36},
	journal = {IAENG International Journal of Computer Science}
}

@article{Shivakumar_2019,
	title={Learning from past mistakes: improving automatic speech recognition output via noisy-clean phrase context modeling},
	volume={8},
	ISSN={2048-7703},
	url={http://dx.doi.org/10.1017/ATSIP.2018.31},
	DOI={10.1017/atsip.2018.31},
	journal={APSIPA Transactions on Signal and Information Processing},
	publisher={Cambridge University Press (CUP)},
	author={Shivakumar, Prashanth Gurunath and Li, Haoqi and Knight, Kevin and Georgiou, Panayiotis},
	year={2019}
}

@misc{nagaraja2019voiploc,
	title={VoipLoc: Establishing VoIP call provenance using acoustic side-channels},
	author={Shishir Nagaraja and Ryan Shah},
	year={2019},
	eprint={1909.01904},
	archivePrefix={arXiv},
	primaryClass={cs.CR}
}